<?xml version="1.0" encoding="UTF-8"?><collection xmlns="http://www.loc.gov/MARC21/slim"><record><leader>00393nam--2200145-i-4500</leader><controlfield tag="001">000014299</controlfield><controlfield tag="002">20161230</controlfield><controlfield tag="005">20161230201030</controlfield><controlfield tag="008">060222s1000------------r-----000-0-eng-d</controlfield><datafield ind1=" " ind2=" " tag="080"><subfield code="a">52(083.4)</subfield></datafield><datafield ind1=" " ind2=" " tag="100"><subfield code="a">Biermann,P./S.A.</subfield></datafield><datafield ind1=" " ind2=" " tag="245"><subfield code="a">Interstellare materie die galaxis universium</subfield></datafield><datafield ind1=" " ind2=" " tag="260"><subfield code="a">Berlin,Springer-verlag,1982. Xvi + 478 P</subfield></datafield><datafield ind1=" " ind2=" " tag="490"><subfield code="a">Landolt-bornstein,Neue Serie</subfield></datafield><datafield ind1=" " ind2=" " tag="852"><subfield code="a">17006</subfield></datafield></record></collection>